@misc{stateofphishing,
  author = {Proofpoint},
  title  = {Threat Report: 2021 State of the Phish Report},
  url    = {https://www.proofpoint.com/us/resources/threat-reports/state-of-phish}
}